@misc{dash,
  title = {{dash}},
  howpublished = "\url{https://git.kernel.org/cgit/utils/dash/dash.git}",
}

@misc{busybox,
  title = {{BusyBox}},
  howpublished = "\url{http://www.busybox.net/}",
}

@misc{fuse,
  title = {{FUSE: Filesystem in Userspace}},
  howpublished = "\url{http://fuse.sourceforge.net/}"
}

@misc{fatlicense,
  title = {{Microsoft Announces Expanded Access To Extensive Intellectual Property Portfolio}},
  howpublished = "\url{http://www.microsoft.com/en-us/news/press/2003/dec03/12-03expandippr.aspx}"
}

@misc{fat,
  title = {{Description of the FAT32 File System}},
  howpublished = "\url{https://support.microsoft.com/kb/154997}"
}

@misc{uffs,
  title = {{gouffs}},
  howpublished = "\url{https://sites.google.com/site/gouffs/}"
}

@misc{nuttx,
  title = {{NuttX Real-Time Operating System}},
  howpublished = "\url{http://www.nuttx.org/#file_system}"
}

@misc{cfs,
  title = {{Coffee}},
  howpublished = "\url{https://github.com/contiki-os/contiki/wiki/File-systems#Coffee}"
}

@misc{contiki,
  title = {{Contiki: The Open Source Operating System for the Internet of Things}},
  howpublished = "\url{http://www.contiki-os.org/}"
}
